<record><leader>00000cas a2200000 a 4500</leader><controlfield tag="001">52769163</controlfield><controlfield tag="008">030801c19809999iluwr ne      0   a0eng c</controlfield><datafield ind1=" " ind2=" " tag="010"><subfield code="a">sn2003060730</subfield></datafield><datafield ind1=" " ind2=" " tag="040"><subfield code="a">CVF</subfield><subfield code="b">eng</subfield><subfield code="c">CVF</subfield><subfield code="d">NVF</subfield><subfield code="d">OCLCQ</subfield><subfield code="d">OCLCF</subfield><subfield code="d">NVF</subfield><subfield code="d">OCLCO</subfield></datafield><datafield ind1="1" ind2=" " tag="029"><subfield code="a">AU@</subfield><subfield code="b">000024837307</subfield></datafield><datafield ind1=" " ind2=" " tag="042"><subfield code="a">pcc</subfield></datafield><datafield ind1=" " ind2=" " tag="043"><subfield code="a">n-us-il</subfield></datafield><datafield ind1="0" ind2="0" tag="245"><subfield code="a">Ledger-sentinel.</subfield></datafield><datafield ind1="3" ind2=" " tag="246"><subfield code="a">Ledger sentinel</subfield></datafield><datafield ind1=" " ind2=" " tag="260"><subfield code="a">Oswego, Ill. :</subfield><subfield code="b">Jeff and Kathy Farren,</subfield><subfield code="c">1980-</subfield></datafield><datafield ind1=" " ind2=" " tag="300"><subfield code="a">v.</subfield></datafield><datafield ind1=" " ind2=" " tag="310"><subfield code="a">Weekly</subfield></datafield><datafield ind1="0" ind2=" " tag="362"><subfield code="a">Vol. 31, no. 31 (July 31, 1980)-</subfield></datafield><datafield ind1=" " ind2=" " tag="580"><subfield code="a">Formed by the union of: Oswego ledger and: Fox Valley sentinel.</subfield></datafield><datafield ind1=" " ind2=" " tag="588"><subfield code="a">Latest issue consulted: Vol. 54, no. 30 (July 24, 2003).</subfield></datafield><datafield ind1=" " ind2="0" tag="651"><subfield code="a">Oswego (Ill.)</subfield><subfield code="v">Newspapers.</subfield></datafield><datafield ind1=" " ind2="0" tag="651"><subfield code="a">Boulder Hill (Ill.)</subfield><subfield code="v">Newspapers.</subfield></datafield><datafield ind1=" " ind2="0" tag="651"><subfield code="a">Montgomery (Ill.)</subfield><subfield code="v">Newspapers.</subfield></datafield><datafield ind1=" " ind2="7" tag="651"><subfield code="a">Illinois</subfield><subfield code="z">Boulder Hill.</subfield><subfield code="2">fast</subfield><subfield code="0">(OCoLC)fst01301288</subfield></datafield><datafield ind1=" " ind2="7" tag="651"><subfield code="a">Illinois</subfield><subfield code="z">Montgomery.</subfield><subfield code="2">fast</subfield><subfield code="0">(OCoLC)fst01291941</subfield></datafield><datafield ind1=" " ind2="7" tag="651"><subfield code="a">Illinois</subfield><subfield code="z">Oswego.</subfield><subfield code="2">fast</subfield><subfield code="0">(OCoLC)fst01226740</subfield></datafield><datafield ind1=" " ind2="7" tag="655"><subfield code="a">Newspapers.</subfield><subfield code="2">fast</subfield><subfield code="0">(OCoLC)fst01423814</subfield></datafield><datafield ind1=" " ind2=" " tag="752"><subfield code="a">United States</subfield><subfield code="b">Illinois</subfield><subfield code="c">Kendall</subfield><subfield code="d">Oswego.</subfield></datafield><datafield ind1="1" ind2="4" tag="780"><subfield code="t">Oswego ledger</subfield><subfield code="w">(DLC)sn2003060728</subfield><subfield code="w">(OCoLC)52768564</subfield></datafield><datafield ind1="1" ind2="4" tag="780"><subfield code="t">Fox Valley sentinel</subfield><subfield code="w">(DLC)sn2003060729</subfield><subfield code="w">(OCoLC)52768844</subfield></datafield></record>